<?xml version="1.0" encoding="UTF-8"?><collection xmlns="http://www.loc.gov/MARC21/slim"><record><leader>00574nam--2200181-i-4500</leader><controlfield tag="001">000014054</controlfield><controlfield tag="002">20161230</controlfield><controlfield tag="005">20161230201030</controlfield><controlfield tag="008">060222s1000------------r-----000-0-fre-d</controlfield><datafield ind1=" " ind2=" " tag="040"><subfield code="a">IFIN-HH</subfield></datafield><datafield ind1=" " ind2=" " tag="041"><subfield code="a">fre</subfield></datafield><datafield ind1=" " ind2=" " tag="080"><subfield code="a">539.213:535.343.9(043)</subfield></datafield><datafield ind1="1" ind2=" " tag="100"><subfield code="a">Chavez Rivas,Fernando</subfield></datafield><datafield ind1="1" ind2="0" tag="245"><subfield code="a">Spectroscopie interferentielle de tres basse frequence application a la mesure de l'absorption de quelques materiax amorphes</subfield><subfield code="b">These</subfield><subfield code="c">Fernardo chavez rivas</subfield></datafield><datafield ind1=" " ind2=" " tag="260"><subfield code="a">Grenopble</subfield><subfield code="b">Universite</subfield><subfield code="c">1978</subfield></datafield><datafield ind1=" " ind2=" " tag="300"><subfield code="a">109 P</subfield></datafield><datafield ind1=" " ind2=" " tag="852"><subfield code="a">49746</subfield><subfield code="c">539.2</subfield></datafield><datafield ind1=" " ind2=" " tag="CAT"><subfield code="a">Sys</subfield><subfield code="c">20121206</subfield><subfield code="h">124711</subfield></datafield></record></collection>